% -*- LaTeX -*-
% -*- coding: utf-8 -*-
%
% michael a.g. aïvázis
% orthologue
% (c) 1998-2023 all rights reserved
%

@Book{eiffel,
title = {{Eiffel}: the language},
author = {Meyer, B.},
publisher = {Prentice Hall},
year = {1992},
isbn = {0-13-247925-7}
}

@Book{icon,
title = {The {ICON} programming language},
author = {Griswold, R.~E. and Griswold, M.~T.},
publisher = {Peer-to-Peer Communications},
edition = {third},
year = {1996}
}

@Book{meyer-97,
title = {Object-Oriented Software Construction},
author = {Meyer, B.},
publisher = {Prentice Hall},
edition = {second},
year = {1997},
isbn = {0-13-629155-4}
}

@Misc{gsl,
 title = {The {GNU} Scientific Library},
 howpublished = {\url{http://www.gnu.org/software/gsl}}
}

@Article{hammersley,
 author = {Hammersley, J.~M.},
 title = {{M}onte {C}arlo Methods for Solving Multivariable Problems},
 journal = {Ann. New York Acad. Sci.},
 volume = 86,
 pages = {844-874},
 year = 1960
}

@Article{lepage-78,
 author = {LePage, G.~P.},
 title = {A New Algorithm for Adaptive Multidimensional Integration},
 journal = {Journal of Computational Physics},
 volume = 27,
 pages = {192-203},
 year = 1978
}

@TechReport{lepage-80,
 author = {LePage, G.~P.},
 title = {{VEGAS}: {A}n Adaptive Multidimensional Integration Program},
 institution  = {Cornel University},
 type = {Preprint},
 number = {CLNS 80-447},
 month = {March},
 year = 1980
}

@Misc{numpy,
 title = {\identifier{numpy}},
 howpublished = {\url{http://numpy.scipy.org}}
}

@Article{press,
 author = {Press, W.~H. and Farrar, G.~H.},
 title = {Recursive Stratified Sampling for Multidimensional {M}onte {C}arlo Integration},
 journal = {Computers in Physics},
 volume = 4,
 pages = {190-195},
 year = 1990
}

@Misc{python-doc,
 title = {Python documentation},
 howpublished = {\url{http://docs.python.org}}
}

@InBook{ueberhuber,
 author = {Ueberhuber, C.~W.},
 chapter = {on Monte Carlo Techniques},
 title = {Numerical Computation 2: Methods, Software, and Analysis},
 publisher = {Springer-Verlag},
 pages = {124-125 and 132-138},
 year = 1997
}

@Article{weinzierl,
 author = {Weinzierl, S.},
 title = {Introduction to {M}onte {C}arlo Methods},
 url = {http://arxiv.org/abs/hep-ph/0006269},
 year = 2000
}

% end of file
